<record><leader>00000cas a2200000 a 4500</leader><controlfield tag="001">11671734</controlfield><controlfield tag="008">850208d18871888ksuwr ne      0   a0eng d</controlfield><datafield ind1=" " ind2=" " tag="010"><subfield code="a">sn 85030861 </subfield></datafield><datafield ind1=" " ind2=" " tag="040"><subfield code="a">KSH</subfield><subfield code="b">eng</subfield><subfield code="c">KSH</subfield><subfield code="d">NPT</subfield><subfield code="d">OCL</subfield><subfield code="d">OCLCQ</subfield></datafield><datafield ind1=" " ind2=" " tag="042"><subfield code="a">msc</subfield></datafield><datafield ind1="0" ind2="4" tag="245"><subfield code="a">The Kalvesta herald.</subfield></datafield><datafield ind1=" " ind2=" " tag="260"><subfield code="a">Kalvesta, Kan. :</subfield><subfield code="b">Herald Pub. Co.,</subfield><subfield code="c">1887-</subfield></datafield><datafield ind1=" " ind2=" " tag="300"><subfield code="a">v. ;</subfield><subfield code="c">60 cm.</subfield></datafield><datafield ind1=" " ind2=" " tag="310"><subfield code="a">Weekly</subfield></datafield><datafield ind1="0" ind2=" " tag="362"><subfield code="a">Vol. 2, no. 9 (July 1, 1887)-</subfield></datafield><datafield ind1="1" ind2=" " tag="362"><subfield code="a">Ceased with Oct. 5, 1888 issue?</subfield></datafield><datafield ind1=" " ind2=" " tag="752"><subfield code="a">United States</subfield><subfield code="b">Kansas</subfield><subfield code="c">Hodgeman</subfield><subfield code="d">Kalvesta.</subfield></datafield><datafield ind1="0" ind2="0" tag="780"><subfield code="t">Hodgeman County herald</subfield><subfield code="w">(DLC)sn 85030860</subfield></datafield></record>